{"gold_per_floor":[113,30,43,53,66,66,66,98,122,136,154,189,189,201,201,300,300,319,339,354,354,373,373],"floor_reached":23,"playtime":1892,"items_purged":[],"score":207,"play_id":"413f5b30-89b2-45b7-a356-3b0b8ba9798e","local_time":"20211231170733","is_ascension_mode":false,"campfire_choices":[{"data":"Noxious Fumes","floor":6.0,"key":"SMITH"},{"floor":15.0,"key":"REST"}],"neow_cost":"NONE","seed_source_timestamp":632319274473600,"circlet_count":0,"master_deck":["Strike_G","Strike_G+1","Strike_G+1","Strike_G","Strike_G","Defend_G","Defend_G","Defend_G","Defend_G","Defend_G","Survivor","Neutralize","Dagger Spray","Noxious Fumes+1","Poisoned Stab","Underhanded Strike","Noxious Fumes","Choke","Bullet Time","Caltrops","Acrobatics","Backflip","Terror","Burst","Bane","Poisoned Stab","Corpse Explosion","Deadly Poison"],"special_seed":0,"relics":["Ring of the Snake","Regal Pillow","Whetstone","Anchor","Black Star"],"potions_floor_usage":[],"damage_taken":[{"damage":0.0,"enemies":"Jaw Worm","floor":1.0,"turns":5.0},{"damage":1.0,"enemies":"Cultist","floor":3.0,"turns":4.0},{"damage":0.0,"enemies":"2 Louse","floor":4.0,"turns":2.0},{"damage":0.0,"enemies":"Exordium Wildlife","floor":5.0,"turns":3.0},{"damage":24.0,"enemies":"Lagavulin","floor":8.0,"turns":6.0},{"damage":0.0,"enemies":"Looter","floor":10.0,"turns":3.0},{"damage":6.0,"enemies":"2 Fungi Beasts","floor":11.0,"turns":4.0},{"damage":25.0,"enemies":"3 Sentries","floor":12.0,"turns":5.0},{"damage":8.0,"enemies":"Red Slaver","floor":14.0,"turns":3.0},{"damage":40.0,"enemies":"Hexaghost","floor":16.0,"turns":8.0},{"damage":9.0,"enemies":"3 Byrds","floor":18.0,"turns":4.0},{"damage":31.0,"enemies":"2 Thieves","floor":19.0,"turns":5.0},{"damage":17.0,"enemies":"Centurion and Healer","floor":20.0,"turns":9.0},{"damage":33.0,"enemies":"Snake Plant","floor":22.0,"turns":5.0},{"damage":50,"enemies":"Book of Stabbing","floor":23,"turns":5}],"seed_played":"-2678292496112000910","potions_obtained":[{"floor":3.0,"key":"Strength Potion"},{"floor":4.0,"key":"Regen Potion"},{"floor":5.0,"key":"DistilledChaos"},{"floor":11.0,"key":"Swift Potion"},{"floor":13.0,"key":"Poison Potion"},{"floor":13.0,"key":"EntropicBrew"},{"floor":16.0,"key":"Ancient Potion"}],"is_trial":false,"path_per_floor":["M","$","M","M","M","R","?","E","T","M","M","E","?","M","R","B",null,"M","M","M","?","M","E"],"character_chosen":"THE_SILENT","items_purchased":["Noxious Fumes","Poisoned Stab"],"campfire_rested":1,"item_purchase_floors":[2,2],"current_hp_per_floor":[77,77,76,76,76,76,81,57,57,57,63,38,38,30,69,29,82,73,42,25,82,49,0],"gold":373,"neow_bonus":"TEN_PERCENT_HP_BONUS","is_prod":false,"is_daily":false,"chose_seed":false,"campfire_upgraded":1,"win_rate":0.0,"timestamp":1640950653,"path_taken":["M","$","M","M","M","R","?","E","T","M","M","E","?","?","R","BOSS","M","M","M","?","M","E"],"build_version":"2020-12-22","purchased_purges":0,"victory":false,"max_hp_per_floor":[77,77,77,77,77,77,82,82,82,82,82,82,82,82,82,82,82,82,82,82,82,82,82],"card_choices":[{"not_picked":["Flechettes","Endless Agony"],"picked":"Dagger Spray","floor":1.0},{"not_picked":["Dodge and Roll","Expertise"],"picked":"Underhanded Strike","floor":3.0},{"not_picked":["Outmaneuver","Riddle With Holes"],"picked":"Noxious Fumes","floor":4.0},{"not_picked":["Tactician","Noxious Fumes"],"picked":"Choke","floor":5.0},{"not_picked":["Outmaneuver","Underhanded Strike"],"picked":"Bullet Time","floor":8.0},{"not_picked":["Skewer","Choke"],"picked":"Caltrops","floor":10.0},{"not_picked":["Masterful Stab","Outmaneuver"],"picked":"Acrobatics","floor":11.0},{"not_picked":["Venomology","Masterful Stab"],"picked":"Backflip","floor":12.0},{"not_picked":["Dagger Spray","Reflex"],"picked":"Terror","floor":14.0},{"not_picked":["A Thousand Cuts","Malaise"],"picked":"Burst","floor":16.0},{"not_picked":["Poisoned Stab","PiercingWail"],"picked":"Bane","floor":18.0},{"not_picked":["Backflip","Underhanded Strike+1"],"picked":"Poisoned Stab","floor":19.0},{"not_picked":["Deflect+1","Predator"],"picked":"Corpse Explosion","floor":20.0},{"not_picked":["Escape Plan+1","Expertise"],"picked":"Deadly Poison","floor":22.0}],"player_experience":32140,"relics_obtained":[{"floor":8.0,"key":"Regal Pillow"},{"floor":9.0,"key":"Whetstone"},{"floor":12.0,"key":"Anchor"}],"event_choices":[{"damage_healed":0.0,"max_hp_gain":5.0,"max_hp_loss":0.0,"gold_gain":0.0,"event_name":"Big Fish","player_choice":"Donut","floor":7.0,"gold_loss":0.0,"damage_taken":0.0},{"damage_healed":0.0,"max_hp_gain":0.0,"max_hp_loss":0.0,"gold_gain":0.0,"event_name":"Lab","player_choice":"Got Potions","floor":13.0,"gold_loss":0.0,"damage_taken":0.0},{"damage_healed":57.0,"max_hp_gain":0.0,"max_hp_loss":0.0,"gold_gain":0.0,"event_name":"Wheel of Change","player_choice":"Full Heal","floor":21.0,"gold_loss":0.0,"damage_taken":0.0}],"is_beta":false,"boss_relics":[{"not_picked":["Cursed Key","Tiny House"],"picked":"Black Star"}],"items_purged_floors":[],"is_endless":false,"potions_floor_spawned":[3,4,5,11,14,16],"killed_by":"Book of Stabbing","ascension_level":0}