{"gold_per_floor":[116,116,133,144,163,193,193,203,283,358,392,192,192,222,222,322,322,335,345,364,364,279,279,279,179,205,222,239,41,41,71,71,171,171,191,241,260,86,98,98,129,129,129,129,129,129,129,129,129,129],"floor_reached":50,"playtime":3539,"items_purged":["Defend_G","Strike_G","Defend_G","Bite"],"score":506,"play_id":"dc10d620-5b66-4609-8e1e-9b7c62adf982","local_time":"20220101153526","is_ascension_mode":false,"campfire_choices":[{"data":"Crippling Poison","floor":7.0,"key":"SMITH"},{"floor":13.0,"key":"REST"},{"floor":15.0,"key":"DIG"},{"floor":23,"key":"REST"},{"floor":32,"key":"REST"},{"data":"Catalyst","floor":40,"key":"SMITH"},{"floor":44,"key":"REST"},{"floor":49,"key":"REST"}],"neow_cost":"NONE","seed_source_timestamp":711440962918500,"circlet_count":0,"master_deck":["Defend_G","Defend_G","Survivor","Neutralize","Quick Slash","Crippling Poison+1","Neutralize","Dagger Spray","Accuracy","Underhanded Strike","Catalyst+1","Bane","Blade Dance","Infinite Blades","Phantasmal Killer","Corpse Explosion","CurseOfTheBell","Riddle With Holes+1","Slice","Bane+1","Deadly Poison+1","Noxious Fumes","Bite","Bite","Cloak And Dagger+1","Bouncing Flask+1","Bullet Time+1","Blade Dance+1","Backflip+1","Deflect+1","Madness+1","Madness+1","Crippling Poison+1"],"special_seed":0,"relics":["Ring of the Snake","NeowsBlessing","Juzu Bracelet","InkBottle","Shovel","Snake Skull","Nunchaku","Calling Bell","Orichalcum","Toxic Egg 2","Incense Burner","Dream Catcher","Centennial Puzzle","Gambling Chip","Empty Cage","Mango","Eternal Feather","White Beast Statue"],"potions_floor_usage":[28,36,37,41,46,50,50],"damage_taken":[{"damage":0.0,"enemies":"Cultist","floor":1.0,"turns":1.0},{"damage":0.0,"enemies":"Small Slimes","floor":3.0,"turns":1.0},{"damage":0.0,"enemies":"Jaw Worm","floor":4.0,"turns":1.0},{"damage":2.0,"enemies":"Looter","floor":5.0,"turns":4.0},{"damage":20.0,"enemies":"3 Sentries","floor":6.0,"turns":9.0},{"damage":0.0,"enemies":"Exordium Wildlife","floor":8.0,"turns":5.0},{"damage":2.0,"enemies":"Lagavulin","floor":11.0,"turns":6.0},{"damage":15.0,"enemies":"Gremlin Nob","floor":14.0,"turns":4.0},{"damage":9.0,"enemies":"Slime Boss","floor":16.0,"turns":8.0},{"damage":4.0,"enemies":"Chosen","floor":18.0,"turns":5.0},{"damage":1,"enemies":"Shell Parasite","floor":19,"turns":4},{"damage":9,"enemies":"Centurion and Healer","floor":20,"turns":4},{"damage":21,"enemies":"Snecko","floor":27,"turns":5},{"damage":4,"enemies":"Cultist and Chosen","floor":28,"turns":4},{"damage":37,"enemies":"Book of Stabbing","floor":31,"turns":6},{"damage":2,"enemies":"Collector","floor":33,"turns":6},{"damage":11,"enemies":"3 Darklings","floor":35,"turns":3},{"damage":5,"enemies":"Mind Bloom Boss Battle","floor":36,"turns":7},{"damage":0,"enemies":"Orb Walker","floor":37,"turns":2},{"damage":14,"enemies":"Jaw Worm Horde","floor":39,"turns":4},{"damage":43,"enemies":"Reptomancer","floor":41,"turns":5},{"damage":88,"enemies":"Time Eater","floor":50,"turns":9}],"seed_played":"5048201030092899014","potions_obtained":[{"floor":5.0,"key":"GamblersBrew"},{"floor":6.0,"key":"Swift Potion"},{"floor":8.0,"key":"BlessingOfTheForge"},{"floor":11.0,"key":"LiquidBronze"},{"floor":14.0,"key":"LiquidMemories"},{"floor":20,"key":"GamblersBrew"},{"floor":27,"key":"Regen Potion"},{"floor":33,"key":"Regen Potion"},{"floor":35,"key":"Fire Potion"},{"floor":37,"key":"LiquidBronze"},{"floor":46,"key":"GhostInAJar"},{"floor":46,"key":"DistilledChaos"},{"floor":46,"key":"Fruit Juice"}],"is_trial":false,"path_per_floor":["M","?","M","M","M","E","R","M","T","?","E","$","R","E","R","B",null,"M","M","M","?","?","R","?","$","T","M","M","$","?","E","R","B",null,"M","?","M","$","M","R","E","?","T","R","?","?","?","$","R","B"],"character_chosen":"THE_SILENT","items_purchased":["Blade Dance","Infinite Blades","Noxious Fumes","Blade Dance+1"],"campfire_rested":5,"item_purchase_floors":[12,12,29,38],"current_hp_per_floor":[70,70,70,70,68,48,48,48,48,37,35,35,56,41,41,32,70,66,65,56,43,43,65,65,65,65,44,54,54,52,21,36,36,52,43,66,66,66,52,52,13,13,13,47,39,44,44,44,71,0],"gold":129,"neow_bonus":"THREE_ENEMY_KILL","is_prod":false,"is_daily":false,"chose_seed":false,"campfire_upgraded":2,"win_rate":0.0,"timestamp":1641031526,"path_taken":["M","?","M","?","M","E","R","M","T","?","E","$","R","E","R","BOSS","M","M","M","?","?","R","?","$","T","M","M","$","?","E","R","BOSS","M","?","M","$","M","R","E","?","T","R","?","?","?","$","R","BOSS"],"build_version":"2020-12-22","purchased_purges":4,"victory":false,"max_hp_per_floor":[70,70,70,70,70,70,70,70,70,70,70,70,70,70,70,70,70,70,70,70,75,75,75,75,75,75,75,75,75,52,52,52,52,52,52,66,66,66,66,66,66,66,66,66,66,71,71,71,71,71],"card_choices":[{"not_picked":["Sucker Punch","Bane"],"picked":"Quick Slash","floor":1.0},{"not_picked":["Dash","Finisher","Calculated Gamble"],"picked":"SKIP","floor":3.0},{"not_picked":["Flying Knee","Prepared"],"picked":"Dagger Spray","floor":4.0},{"not_picked":["Glass Knife","Skewer"],"picked":"Accuracy","floor":5.0},{"not_picked":["Dagger Spray","Expertise"],"picked":"Underhanded Strike","floor":6.0},{"not_picked":["Eviscerate","Prepared"],"picked":"Catalyst","floor":8.0},{"not_picked":["Backflip","Prepared"],"picked":"Bane","floor":11.0},{"not_picked":["Terror","Well Laid Plans"],"picked":"Phantasmal Killer","floor":14.0},{"not_picked":["Night Terror","Bullet Time"],"picked":"Corpse Explosion","floor":16.0},{"not_picked":["Reflex+1","Dash"],"picked":"Riddle With Holes+1","floor":18.0},{"not_picked":["Sucker Punch","PiercingWail+1"],"picked":"Slice","floor":19},{"not_picked":["Well Laid Plans","Dodge and Roll+1"],"picked":"Bane+1","floor":20},{"not_picked":["Underhanded Strike","Escape Plan+1","Bane"],"picked":"SKIP","floor":27},{"not_picked":["Deflect+1","Slice"],"picked":"Deadly Poison+1","floor":28},{"not_picked":["Corpse Explosion+1","Burst+1"],"picked":"Cloak And Dagger+1","floor":31},{"not_picked":["Infinite Blades","Prepared+1"],"picked":"Bouncing Flask+1","floor":32},{"not_picked":["Doppelganger+1","Tools of the Trade"],"picked":"Bullet Time+1","floor":33},{"not_picked":["Dagger Throw","Heel Hook+1","Prepared+1"],"picked":"SKIP","floor":35},{"not_picked":["Flying Knee","Distraction+1","Outmaneuver+1"],"picked":"SKIP","floor":37},{"not_picked":["Bouncing Flask+1","Acrobatics+1","Venomology+1"],"picked":"SKIP","floor":39},{"not_picked":["Backflip+1","Choke+1","Poisoned Stab+1"],"picked":"SKIP","floor":41},{"not_picked":["Choke+1","Poisoned Stab+1"],"picked":"Backflip+1","floor":41},{"not_picked":["Prepared+1","Sucker Punch+1"],"picked":"Deflect+1","floor":44}],"player_experience":39498,"relics_obtained":[{"floor":6.0,"key":"Juzu Bracelet"},{"floor":9.0,"key":"InkBottle"},{"floor":11.0,"key":"Shovel"},{"floor":14.0,"key":"Snake Skull"},{"floor":15.0,"key":"Nunchaku"},{"floor":17.0,"key":"Orichalcum"},{"floor":17.0,"key":"Toxic Egg 2"},{"floor":17.0,"key":"Incense Burner"},{"floor":26,"key":"Centennial Puzzle"},{"floor":31,"key":"Gambling Chip"},{"floor":36,"key":"Mango"},{"floor":41,"key":"Eternal Feather"},{"floor":43,"key":"White Beast Statue"}],"event_choices":[{"damage_healed":0.0,"max_hp_gain":0.0,"max_hp_loss":0.0,"gold_gain":0.0,"event_name":"Match and Keep!","player_choice":"3 cards matched","floor":2.0,"gold_loss":0.0,"damage_taken":0.0,"cards_obtained":["Crippling Poison","Tools of the Trade","Neutralize"]},{"damage_healed":0.0,"max_hp_gain":0.0,"max_hp_loss":0.0,"gold_gain":75.0,"event_name":"World of Goop","player_choice":"Gather Gold","floor":10.0,"gold_loss":0.0,"damage_taken":11.0},{"damage_healed":0,"gold_gain":0,"player_choice":"Shed Blood","damage_taken":18,"max_hp_gain":5,"max_hp_loss":0,"event_name":"Forgotten Altar","floor":21,"gold_loss":0},{"damage_healed":0,"gold_gain":0,"player_choice":"Obtained Relic","damage_taken":0,"relics_obtained":["Dream Catcher"],"max_hp_gain":0,"max_hp_loss":0,"event_name":"Addict","floor":22,"gold_loss":85},{"cards_removed":["Tools of the Trade"],"damage_healed":0,"gold_gain":0,"player_choice":"Purged","damage_taken":0,"max_hp_gain":0,"max_hp_loss":0,"event_name":"Purifier","floor":24,"gold_loss":0},{"damage_healed":0,"gold_gain":0,"player_choice":"Became a vampire","damage_taken":0,"max_hp_gain":0,"max_hp_loss":23,"event_name":"Vampires","floor":30,"gold_loss":0,"cards_obtained":["Bite","Bite","Bite","Bite","Bite"]},{"damage_healed":0,"gold_gain":0,"player_choice":"Fight","damage_taken":0,"max_hp_gain":0,"max_hp_loss":0,"event_name":"MindBloom","floor":36,"gold_loss":0},{"cards_removed":["Bite"],"damage_healed":0,"gold_gain":0,"player_choice":"Removed Attack","damage_taken":0,"max_hp_gain":0,"max_hp_loss":0,"event_name":"Falling","floor":42,"gold_loss":0},{"damage_healed":0,"gold_gain":0,"player_choice":"Embrace Madness","damage_taken":8,"max_hp_gain":0,"max_hp_loss":0,"event_name":"Winding Halls","floor":45,"gold_loss":0,"cards_obtained":["Madness","Madness"]},{"damage_healed":0,"gold_gain":0,"player_choice":"Got Potions","damage_taken":0,"max_hp_gain":0,"max_hp_loss":0,"event_name":"Lab","floor":46,"gold_loss":0},{"damage_healed":0,"gold_gain":0,"player_choice":"Copied","damage_taken":0,"max_hp_gain":0,"max_hp_loss":0,"event_name":"Duplicator","floor":47,"gold_loss":0,"cards_obtained":["Crippling Poison"]}],"is_beta":false,"boss_relics":[{"not_picked":["Runic Pyramid","Sozu"],"picked":"Calling Bell"},{"not_picked":["Snecko Eye","Cursed Key"],"picked":"Empty Cage"}],"items_purged_floors":[12,25,29,38],"is_endless":false,"potions_floor_spawned":[5,6,8,11,14,20,27,33,35,37],"killed_by":"Time Eater","ascension_level":0}