{"gold_per_floor":[113,61,11,21,39,39,74,74,74,94,105,133,133,133,133,231,231,244,144,155,155,168,168,168],"floor_reached":24,"playtime":1806,"items_purged":["Strike_G"],"score":227,"play_id":"66d7a643-2ce9-4bc0-a419-df5862ceae50","local_time":"20220109192616","is_ascension_mode":true,"campfire_choices":[{"floor":6.0,"key":"RECALL"},{"floor":8.0,"key":"REST"},{"floor":13.0,"key":"REST"},{"floor":15.0,"key":"REST"},{"floor":23,"key":"REST"}],"neow_cost":"NONE","seed_source_timestamp":111937024194500,"circlet_count":0,"master_deck":["Strike_G","Strike_G","Strike_G","Strike_G","Defend_G","Defend_G","Defend_G","Defend_G","Survivor","Neutralize","Cloak And Dagger","Deadly Poison","Dagger Throw","Backflip","Acrobatics","Underhanded Strike","Concentrate","Prepared","Burst","Poisoned Stab","Deadly Poison","Slice","RitualDagger","Flying Knee+1"],"special_seed":0,"relics":["Fusion Hammer","Omamori","Pantograph","Potion Belt","Centennial Puzzle","Black Star"],"potions_floor_usage":[22,22,24],"damage_taken":[{"damage":0.0,"enemies":"2 Louse","floor":1.0,"turns":3.0},{"damage":0.0,"enemies":"Small Slimes","floor":4.0,"turns":4.0},{"damage":0.0,"enemies":"Jaw Worm","floor":5.0,"turns":3.0},{"damage":25.0,"enemies":"3 Sentries","floor":7.0,"turns":14.0},{"damage":0.0,"enemies":"Exordium Wildlife","floor":10.0,"turns":4.0},{"damage":0.0,"enemies":"Red Slaver","floor":11.0,"turns":4.0},{"damage":28.0,"enemies":"Gremlin Nob","floor":12.0,"turns":5.0},{"damage":5.0,"enemies":"Hexaghost","floor":16.0,"turns":11.0},{"damage":12.0,"enemies":"3 Byrds","floor":18.0,"turns":7.0},{"damage":24.0,"enemies":"Spheric Guardian","floor":20.0,"turns":5.0},{"damage":25,"enemies":"Chosen and Byrds","floor":22,"turns":7},{"damage":28,"enemies":"Snake Plant","floor":24,"turns":4}],"seed_played":"2042451639721829370","potions_obtained":[{"floor":1.0,"key":"Weak Potion"},{"floor":10.0,"key":"SpeedPotion"},{"floor":11.0,"key":"Fire Potion"},{"floor":20.0,"key":"DuplicationPotion"},{"floor":22,"key":"SteroidPotion"}],"is_trial":false,"path_per_floor":["M","$","?","M","M","R","E","R","T","M","M","E","R","?","R","B",null,"M","$","M","?","M","R","M"],"character_chosen":"THE_SILENT","items_purchased":["Deadly Poison","Deadly Poison"],"campfire_rested":4,"item_purchase_floors":[2,19],"current_hp_per_floor":[70,70,70,70,70,70,45,66,66,66,66,38,59,52,70,65,70,58,58,34,28,3,24,0],"gold":168,"neow_bonus":"BOSS_RELIC","is_prod":false,"is_daily":false,"chose_seed":false,"campfire_upgraded":0,"win_rate":0,"timestamp":1641736576,"path_taken":["M","$","?","M","M","R","E","R","T","M","M","E","R","?","R","BOSS","M","$","M","?","M","R","M"],"build_version":"2020-12-22","purchased_purges":1,"victory":false,"max_hp_per_floor":[70,70,70,70,70,70,70,70,70,70,70,70,70,70,70,70,70,70,70,70,70,70,70,70],"card_choices":[{"not_picked":["Skewer","Bane"],"picked":"Cloak And Dagger","floor":1.0},{"not_picked":["Well Laid Plans","Dagger Spray"],"picked":"Dagger Throw","floor":4.0},{"not_picked":["Blade Dance","Backstab"],"picked":"Backflip","floor":5.0},{"not_picked":["Well Laid Plans","All Out Attack"],"picked":"Acrobatics","floor":7.0},{"not_picked":["Flying Knee","Calculated Gamble"],"picked":"Underhanded Strike","floor":10.0},{"not_picked":["Cloak And Dagger","Leg Sweep"],"picked":"Concentrate","floor":11.0},{"not_picked":["Well Laid Plans","Flying Knee"],"picked":"Prepared","floor":12.0},{"not_picked":["Grand Finale","Bullet Time"],"picked":"Burst","floor":16.0},{"not_picked":["Slice","Flying Knee"],"picked":"Poisoned Stab","floor":18.0},{"not_picked":["Quick Slash","Underhanded Strike"],"picked":"Slice","floor":20.0},{"not_picked":["Bullet Time","Skewer"],"picked":"Flying Knee+1","floor":22}],"player_experience":106888,"relics_obtained":[{"floor":7.0,"key":"Omamori"},{"floor":9.0,"key":"Pantograph"},{"floor":12.0,"key":"Potion Belt"}],"event_choices":[{"cards_removed":["Defend_G"],"damage_healed":0.0,"max_hp_gain":0.0,"max_hp_loss":0.0,"gold_gain":0.0,"event_name":"The Cleric","player_choice":"Card Removal","floor":3.0,"gold_loss":50.0,"damage_taken":0.0},{"damage_healed":0.0,"max_hp_gain":0.0,"max_hp_loss":0.0,"gold_gain":0.0,"event_name":"Scrap Ooze","player_choice":"Success","floor":14.0,"gold_loss":0.0,"damage_taken":7.0,"relics_obtained":["Centennial Puzzle"]},{"damage_healed":0.0,"max_hp_gain":0.0,"max_hp_loss":0.0,"gold_gain":0.0,"event_name":"Nest","player_choice":"Joined the Cult","floor":21.0,"gold_loss":0.0,"damage_taken":6.0,"cards_obtained":["RitualDagger"]}],"is_beta":false,"boss_relics":[{"not_picked":["Coffee Dripper","Sozu"],"picked":"Black Star"}],"items_purged_floors":[19],"is_endless":false,"potions_floor_spawned":[1,10,11,20,22],"killed_by":"Snake Plant","ascension_level":2}