{"gold_per_floor":[111,111,126,140,140,140,155,186,186,199,212,230,262,274,274,377,427,447,57,71,71,98,197,197,215,240,277,306,60,71,83,83,178,178,195,208,208,430,450,475,475,475,520,38,38],"floor_reached":45,"playtime":2738,"items_purged":["Strike_G","Strike_G"],"score":554,"play_id":"6487c2b1-2667-4cd2-b0ea-d1cfc474f927","local_time":"20220105204518","is_ascension_mode":false,"campfire_choices":[{"data":"Eviscerate","floor":6.0,"key":"SMITH"},{"data":"Phantasmal Killer","floor":15.0,"key":"SMITH"},{"data":"Storm of Steel","floor":24.0,"key":"SMITH"},{"data":"Finisher","floor":32.0,"key":"SMITH"},{"data":"Backflip","floor":41,"key":"SMITH"}],"neow_cost":"NONE","seed_source_timestamp":1074937335587000,"circlet_count":0,"master_deck":["Strike_G+1","Strike_G+1","Defend_G","Defend_G+1","Survivor","Neutralize","Eviscerate+1","Dagger Throw","Blade Dance","Adrenaline","Dagger Spray","Phantasmal Killer+1","Flying Knee+1","Backflip+1","Quick Slash","Storm of Steel+1","Dagger Throw","Prepared+1","Reflex","Finisher+1","Well Laid Plans+1","PiercingWail","Sucker Punch","Transmutation","Quick Slash+1","Burst","Expertise+1","Sucker Punch+1","Crippling Poison+1","Backflip+1","Blade Dance+1","Acrobatics+1","Outmaneuver+1","Writhe","Footwork+1","Parasite"],"special_seed":0,"relics":["Coffee Dripper","Bottled Flame","Frozen Egg 2","Ninja Scroll","Tiny House","Gremlin Horn","Red Mask","MawBank","Lantern","Astrolabe","Whetstone","Happy Flower","Ice Cream"],"potions_floor_usage":[40,40],"damage_taken":[{"damage":0.0,"enemies":"Small Slimes","floor":1.0,"turns":3.0},{"damage":0.0,"enemies":"Jaw Worm","floor":3.0,"turns":4.0},{"damage":0.0,"enemies":"2 Louse","floor":4.0,"turns":2.0},{"damage":0.0,"enemies":"Looter","floor":7.0,"turns":3.0},{"damage":10.0,"enemies":"Lagavulin","floor":8.0,"turns":7.0},{"damage":12.0,"enemies":"Exordium Wildlife","floor":10.0,"turns":3.0},{"damage":2.0,"enemies":"Lots of Slimes","floor":11.0,"turns":3.0},{"damage":8.0,"enemies":"Gremlin Gang","floor":12.0,"turns":3.0},{"damage":0.0,"enemies":"Gremlin Nob","floor":13.0,"turns":2.0},{"damage":0.0,"enemies":"Looter","floor":14.0,"turns":1.0},{"damage":3.0,"enemies":"Hexaghost","floor":16.0,"turns":4.0},{"damage":5.0,"enemies":"Spheric Guardian","floor":18.0,"turns":3.0},{"damage":4.0,"enemies":"Shell Parasite","floor":20.0,"turns":3.0},{"damage":0.0,"enemies":"Masked Bandits","floor":22.0,"turns":2.0},{"damage":12.0,"enemies":"Shelled Parasite and Fungi","floor":25.0,"turns":3.0},{"damage":28.0,"enemies":"Slavers","floor":27.0,"turns":4.0},{"damage":0.0,"enemies":"Centurion and Healer","floor":28.0,"turns":3.0},{"damage":0.0,"enemies":"Cultist and Chosen","floor":30.0,"turns":5.0},{"damage":2.0,"enemies":"3 Cultists","floor":31.0,"turns":4.0},{"damage":16.0,"enemies":"Automaton","floor":33.0,"turns":6.0},{"damage":7.0,"enemies":"3 Darklings","floor":35.0,"turns":5.0},{"damage":0.0,"enemies":"3 Shapes","floor":36.0,"turns":1.0},{"damage":0.0,"enemies":"Transient","floor":39.0,"turns":5.0},{"damage":62,"enemies":"Nemesis","floor":40,"turns":9},{"damage":28,"enemies":"Writhing Mass","floor":45,"turns":4}],"seed_played":"546295410093230981","potions_obtained":[{"floor":1.0,"key":"LiquidMemories"},{"floor":10.0,"key":"Strength Potion"},{"floor":12.0,"key":"LiquidMemories"},{"floor":13.0,"key":"Swift Potion"},{"floor":17.0,"key":"Energy Potion"},{"floor":18.0,"key":"SkillPotion"},{"floor":22.0,"key":"DuplicationPotion"},{"floor":33.0,"key":"FearPotion"},{"floor":35.0,"key":"Weak Potion"},{"floor":36.0,"key":"AttackPotion"}],"is_trial":false,"path_per_floor":["M","?","M","M","?","R","M","E","T","M","M","M","E","M","R","B",null,"M","$","M","$","?","?","R","M","T","E","M","$","M","M","R","B",null,"M","M","?","?","M","E","R","?","T","$","M"],"character_chosen":"THE_SILENT","items_purchased":["Reflex","Gremlin Horn","Transmutation","DistilledChaos","Ice Cream","Footwork+1"],"campfire_rested":0,"item_purchase_floors":[19,19,29,29,44,44],"current_hp_per_floor":[70,56,56,56,56,56,56,46,46,34,32,24,24,24,24,21,75,70,70,66,66,66,66,66,54,54,26,26,26,26,24,24,8,75,68,68,68,68,68,6,6,25,25,25,0],"gold":38,"neow_bonus":"BOSS_RELIC","is_prod":false,"is_daily":false,"chose_seed":false,"campfire_upgraded":5,"win_rate":0,"timestamp":1641395718,"path_taken":["M","?","M","M","?","R","M","E","T","M","M","M","E","M","R","BOSS","M","$","M","$","?","?","R","?","T","E","M","?","?","M","R","BOSS","M","M","?","?","M","E","R","?","T","?","M"],"build_version":"2020-12-22","purchased_purges":2,"victory":false,"max_hp_per_floor":[70,70,70,70,70,70,70,70,70,70,70,70,70,70,70,70,75,75,75,75,75,75,75,75,75,75,75,75,75,75,75,75,75,75,75,75,75,75,75,75,75,75,75,75,75],"card_choices":[{"not_picked":["Leg Sweep","Poisoned Stab"],"picked":"Eviscerate","floor":1.0},{"not_picked":["Blur","Quick Slash"],"picked":"Dagger Throw","floor":3.0},{"not_picked":["Dagger Throw","Infinite Blades"],"picked":"Blade Dance","floor":4.0},{"not_picked":["Infinite Blades","Sucker Punch"],"picked":"Dagger Spray","floor":7.0},{"not_picked":["Riddle With Holes","Masterful Stab"],"picked":"Phantasmal Killer","floor":8.0},{"not_picked":["Skewer","Bane"],"picked":"Flying Knee","floor":10.0},{"not_picked":["Predator","Expertise"],"picked":"Backflip","floor":11.0},{"not_picked":["Masterful Stab","Dodge and Roll"],"picked":"Quick Slash","floor":12.0},{"not_picked":["Flying Knee","Crippling Poison","Calculated Gamble"],"picked":"SKIP","floor":13.0},{"not_picked":["Quick Slash","Riddle With Holes","Envenom+1"],"picked":"SKIP","floor":14.0},{"not_picked":["Unload","Die Die Die"],"picked":"Storm of Steel","floor":16.0},{"not_picked":["Tactician","Outmaneuver"],"picked":"Dagger Throw","floor":17.0},{"not_picked":["Poisoned Stab","Dash+1"],"picked":"Prepared+1","floor":18.0},{"not_picked":["Deadly Poison+1","Flechettes"],"picked":"Finisher","floor":20.0},{"not_picked":["Poisoned Stab","Bane+1"],"picked":"Well Laid Plans+1","floor":22.0},{"not_picked":["Underhanded Strike","Reflex"],"picked":"PiercingWail","floor":25.0},{"not_picked":["Terror","Tools of the Trade+1","Backstab+1"],"picked":"SKIP","floor":27.0},{"not_picked":["Noxious Fumes+1","Predator+1"],"picked":"Sucker Punch","floor":28.0},{"not_picked":["Reflex","Leg Sweep","Flying Knee"],"picked":"SKIP","floor":30.0},{"not_picked":["Sucker Punch","All Out Attack"],"picked":"Quick Slash+1","floor":31.0},{"not_picked":["Die Die Die","Wraith Form v2+1"],"picked":"Burst","floor":33.0},{"not_picked":["Distraction","Prepared"],"picked":"Backflip+1","floor":35.0},{"not_picked":["Caltrops+1","Dagger Spray+1"],"picked":"Blade Dance+1","floor":36.0},{"not_picked":["Backflip+1","Prepared"],"picked":"Acrobatics+1","floor":39.0},{"not_picked":["Dagger Spray+1","Backstab"],"picked":"Outmaneuver+1","floor":40}],"player_experience":70574,"relics_obtained":[{"floor":8.0,"key":"Bottled Flame"},{"floor":9.0,"key":"Frozen Egg 2"},{"floor":13.0,"key":"Ninja Scroll"},{"floor":22.0,"key":"Red Mask"},{"floor":26.0,"key":"MawBank"},{"floor":27.0,"key":"Lantern"},{"floor":40,"key":"Whetstone"},{"floor":43,"key":"Happy Flower"}],"event_choices":[{"damage_healed":0.0,"max_hp_gain":0.0,"max_hp_loss":0.0,"gold_gain":0.0,"event_name":"Shining Light","player_choice":"Entered Light","floor":2.0,"gold_loss":0.0,"damage_taken":14.0,"cards_upgraded":["Defend_G","Defend_G"]},{"damage_healed":0.0,"max_hp_gain":0.0,"max_hp_loss":0.0,"gold_gain":0.0,"cards_transformed":["Defend_G"],"event_name":"Living Wall","player_choice":"Change","floor":5.0,"gold_loss":0.0,"damage_taken":0.0,"cards_obtained":["Adrenaline"]},{"damage_healed":0.0,"max_hp_gain":0.0,"max_hp_loss":0.0,"gold_gain":0.0,"event_name":"Masked Bandits","player_choice":"Fought Bandits","floor":22.0,"gold_loss":0.0,"damage_taken":0.0},{"damage_healed":0.0,"max_hp_gain":0.0,"max_hp_loss":0.0,"gold_gain":99.0,"event_name":"Nest","player_choice":"Stole From Cult","floor":23.0,"gold_loss":0.0,"damage_taken":0.0},{"damage_healed":0.0,"max_hp_gain":0.0,"max_hp_loss":0.0,"gold_gain":0.0,"event_name":"Mysterious Sphere","player_choice":"Ignored","floor":37.0,"gold_loss":0.0,"damage_taken":0.0},{"damage_healed":0.0,"max_hp_gain":0.0,"max_hp_loss":0.0,"gold_gain":222.0,"event_name":"Tomb of Lord Red Mask","player_choice":"Wore Mask","floor":38.0,"gold_loss":0.0,"damage_taken":0.0},{"damage_healed":19,"gold_gain":0,"player_choice":"Writhe","damage_taken":0,"max_hp_gain":0,"max_hp_loss":0,"event_name":"Winding Halls","floor":42,"gold_loss":0,"cards_obtained":["Writhe"]}],"is_beta":false,"boss_relics":[{"not_picked":["Sozu","SacredBark"],"picked":"Tiny House"},{"not_picked":["Runic Pyramid","Calling Bell"],"picked":"Astrolabe"}],"items_purged_floors":[19,44],"is_endless":false,"potions_floor_spawned":[1,10,12,13,18,22,28,30,33,35,36],"killed_by":"Writhing Mass","ascension_level":0}