{"gold_per_floor":[118,43,43,62,9,9,40,40,40,115,135,155,166,193,193,193],"floor_reached":16,"playtime":494,"items_purged":["Defend_G"],"score":149,"play_id":"7a21f05f-1a16-4284-8a03-3e03925027ab","local_time":"20220117144526","is_ascension_mode":true,"campfire_choices":[{"data":"PiercingWail","floor":6,"key":"SMITH"},{"data":"Dagger Spray","floor":8,"key":"SMITH"},{"data":"Leg Sweep","floor":15,"key":"SMITH"}],"neow_cost":"NONE","seed_source_timestamp":97174084614700,"circlet_count":0,"master_deck":["Strike_G","Strike_G","Strike_G","Strike_G","Strike_G","Defend_G","Defend_G","Defend_G","Defend_G","Survivor","Neutralize","Dagger Spray+1","Regret","Blade Dance","PiercingWail+1","Endless Agony","Blade Dance","Reflex","Blade Dance","Leg Sweep+1"],"relics":["Ring of the Snake","NeowsBlessing","Question Card","Torii","Blood Vial","Anchor"],"potions_floor_usage":[14,16,16],"damage_taken":[{"damage":0,"enemies":"Jaw Worm","floor":1,"turns":1},{"damage":0,"enemies":"Small Slimes","floor":4,"turns":1},{"damage":0,"enemies":"3 Sentries","floor":7,"turns":1},{"damage":0,"enemies":"2 Louse","floor":11,"turns":2},{"damage":2,"enemies":"Exordium Thugs","floor":12,"turns":3},{"damage":5,"enemies":"2 Fungi Beasts","floor":13,"turns":2},{"damage":15,"enemies":"Lagavulin","floor":14,"turns":5},{"damage":50,"enemies":"Hexaghost","floor":16,"turns":14}],"seed_played":"5674923461770087342","potions_obtained":[{"floor":4,"key":"AttackPotion"},{"floor":7,"key":"Swift Potion"},{"floor":14,"key":"CunningPotion"}],"is_trial":false,"path_per_floor":["M","$","?","M","$","R","E","R","T","?","M","M","M","E","R","B"],"character_chosen":"THE_SILENT","items_purchased":["PiercingWail"],"campfire_rested":0,"item_purchase_floors":[5],"current_hp_per_floor":[70,70,70,70,70,70,70,70,70,59,61,61,58,45,45,0],"gold":193,"neow_bonus":"THREE_ENEMY_KILL","is_prod":false,"is_daily":false,"chose_seed":false,"campfire_upgraded":3,"win_rate":0,"timestamp":1642410926,"path_taken":["M","$","?","M","$","R","E","R","T","?","M","M","M","E","R","BOSS"],"build_version":"2020-12-22","purchased_purges":1,"victory":false,"max_hp_per_floor":[70,70,70,70,70,70,70,70,70,70,70,70,70,70,70,70],"card_choices":[{"not_picked":["Underhanded Strike","Well Laid Plans"],"picked":"Dagger Spray","floor":1},{"not_picked":["Acrobatics","Underhanded Strike","PiercingWail"],"picked":"Blade Dance","floor":4},{"not_picked":["Sucker Punch","Malaise","Backflip"],"picked":"Endless Agony","floor":7},{"not_picked":["Backflip","Flying Knee","Poisoned Stab"],"picked":"Blade Dance","floor":11},{"not_picked":["Choke","Poisoned Stab","Skewer"],"picked":"Reflex","floor":12},{"not_picked":["Bullet Time","Terror","Dagger Spray"],"picked":"Blade Dance","floor":13},{"not_picked":["All Out Attack","Finisher","Terror"],"picked":"Leg Sweep","floor":14}],"player_experience":130209,"relics_obtained":[{"floor":7,"key":"Torii"},{"floor":9,"key":"Blood Vial"},{"floor":14,"key":"Anchor"}],"event_choices":[{"damage_healed":0,"gold_gain":0,"player_choice":"Box","damage_taken":0,"relics_obtained":["Question Card"],"max_hp_gain":0,"max_hp_loss":0,"event_name":"Big Fish","floor":3,"gold_loss":0,"cards_obtained":["Regret"]},{"damage_healed":0,"gold_gain":75,"player_choice":"Gather Gold","damage_taken":11,"max_hp_gain":0,"max_hp_loss":0,"event_name":"World of Goop","floor":10,"gold_loss":0}],"is_beta":false,"boss_relics":[],"items_purged_floors":[2],"is_endless":false,"potions_floor_spawned":[4,7,14],"killed_by":"Hexaghost","ascension_level":2}