{"gold_per_floor":[367,380,15,29,39,72,72,90,90,106,138,138,138,138,138,234,234,248,262,282,247,263,263,279,289,289,303,303,315,350,350,350,350],"floor_reached":33,"playtime":1570,"items_purged":["Decay"],"score":311,"play_id":"2cb797a2-19bc-4eef-a7b0-fa3c18aa0043","local_time":"20220119181206","is_ascension_mode":true,"campfire_choices":[{"floor":7.0,"key":"REST"},{"data":"Blade Dance","floor":12.0,"key":"SMITH"},{"floor":15.0,"key":"REST"},{"floor":23.0,"key":"REST"},{"floor":32,"key":"REST"}],"neow_cost":"CURSE","seed_source_timestamp":85839054147100,"circlet_count":0,"master_deck":["Survivor","Neutralize","Masterful Stab","Blade Dance+1","Infinite Blades","PiercingWail","Calculated Gamble","Envenom+1","Quick Slash","Outmaneuver","Acrobatics","Deflect","Envenom+1","Terror","Glass Knife","Glass Knife","Leg Sweep","Blur","Deflect+1","Accuracy+1","Blade Dance","Noxious Fumes+1","Adrenaline","Phantasmal Killer","PiercingWail","Malaise"],"special_seed":0,"relics":["Ring of the Snake","TungstenRod","PreservedInsect","Blue Candle","Frozen Egg 2","Pandora\u0027s Box","Boot","Paper Crane"],"potions_floor_usage":[24,30,33,33,33,33,33,33],"damage_taken":[{"damage":15.0,"enemies":"Jaw Worm","floor":1.0,"turns":6.0},{"damage":0.0,"enemies":"2 Louse","floor":2.0,"turns":1.0},{"damage":0.0,"enemies":"Small Slimes","floor":4.0,"turns":3.0},{"damage":0.0,"enemies":"Exordium Thugs","floor":5.0,"turns":4.0},{"damage":26.0,"enemies":"Gremlin Nob","floor":6.0,"turns":4.0},{"damage":15.0,"enemies":"Lots of Slimes","floor":8.0,"turns":5.0},{"damage":0.0,"enemies":"2 Fungi Beasts","floor":10.0,"turns":2.0},{"damage":7.0,"enemies":"Lagavulin","floor":11.0,"turns":5.0},{"damage":50.0,"enemies":"Slime Boss","floor":16.0,"turns":14.0},{"damage":0.0,"enemies":"Chosen","floor":18.0,"turns":3.0},{"damage":0.0,"enemies":"3 Byrds","floor":19.0,"turns":4.0},{"damage":21.0,"enemies":"Snecko","floor":20.0,"turns":5.0},{"damage":34.0,"enemies":"Snake Plant","floor":22.0,"turns":4.0},{"damage":17,"enemies":"Cultist and Chosen","floor":24,"turns":6},{"damage":23,"enemies":"3 Cultists","floor":25,"turns":5},{"damage":3,"enemies":"Chosen and Byrds","floor":27,"turns":3},{"damage":16,"enemies":"Centurion and Healer","floor":29,"turns":5},{"damage":8,"enemies":"Slavers","floor":30,"turns":4},{"damage":36,"enemies":"Champ","floor":33,"turns":3}],"seed_played":"-2285930330717912736","potions_obtained":[{"floor":2.0,"key":"FairyPotion"},{"floor":6.0,"key":"DuplicationPotion"},{"floor":8.0,"key":"FearPotion"},{"floor":11.0,"key":"EntropicBrew"},{"floor":18.0,"key":"Regen Potion"},{"floor":24,"key":"Strength Potion"},{"floor":29,"key":"Block Potion"},{"floor":30,"key":"Poison Potion"}],"is_trial":false,"path_per_floor":["M","M","$","M","M","E","R","M","T","M","E","R","?","?","R","B",null,"M","M","M","$","M","R","M","M","T","M","?","M","E","?","R","B"],"character_chosen":"THE_SILENT","items_purchased":["TungstenRod","Accuracy+1"],"campfire_rested":4,"item_purchase_floors":[3,21],"current_hp_per_floor":[55,55,55,55,55,29,50,35,35,35,28,28,22,22,43,21,70,70,70,49,49,15,36,34,11,11,8,31,15,7,7,28,0],"gold":350,"neow_bonus":"TWO_FIFTY_GOLD","is_prod":false,"is_daily":false,"chose_seed":false,"campfire_upgraded":1,"win_rate":0,"timestamp":1642596126,"path_taken":["M","M","$","M","M","E","R","M","T","M","E","R","?","?","R","BOSS","M","M","M","$","M","R","M","M","T","M","?","M","E","?","R","BOSS"],"build_version":"2020-12-22","purchased_purges":1,"victory":false,"max_hp_per_floor":[70,70,70,70,70,70,70,70,70,70,70,70,70,70,70,70,70,70,70,70,70,70,70,70,70,70,70,70,70,70,70,70,70],"card_choices":[{"not_picked":["Well Laid Plans","Underhanded Strike"],"picked":"Masterful Stab","floor":1.0},{"not_picked":["Dodge and Roll","Outmaneuver"],"picked":"Blade Dance","floor":2.0},{"not_picked":["Prepared","Noxious Fumes"],"picked":"Infinite Blades","floor":4.0},{"not_picked":["Caltrops","Poisoned Stab"],"picked":"PiercingWail","floor":5.0},{"not_picked":["Dagger Spray","Masterful Stab"],"picked":"Terror","floor":6.0},{"not_picked":["Heel Hook","Bane"],"picked":"Calculated Gamble","floor":8.0},{"not_picked":["Poisoned Stab","Tools of the Trade","Underhanded Strike"],"picked":"SKIP","floor":10.0},{"not_picked":["Distraction","Calculated Gamble","Bane"],"picked":"SKIP","floor":11.0},{"not_picked":["Tools of the Trade+1","Doppelganger"],"picked":"Envenom+1","floor":16.0},{"not_picked":["Crippling Poison","PiercingWail"],"picked":"Leg Sweep","floor":18.0},{"not_picked":["Dagger Throw","PiercingWail+1"],"picked":"Blur","floor":19.0},{"not_picked":["Underhanded Strike","Acrobatics"],"picked":"Deflect+1","floor":20.0},{"not_picked":["Flying Knee+1","Eviscerate"],"picked":"Blade Dance","floor":22.0},{"not_picked":["Bane","Concentrate+1"],"picked":"Noxious Fumes+1","floor":24},{"not_picked":["Leg Sweep","Sucker Punch","Tactician+1"],"picked":"SKIP","floor":25},{"not_picked":["Escape Plan+1","Dash","Poisoned Stab"],"picked":"SKIP","floor":27},{"not_picked":["Flechettes","Skewer"],"picked":"Adrenaline","floor":29},{"not_picked":["Reflex","Leg Sweep"],"picked":"Phantasmal Killer","floor":30}],"player_experience":141237,"relics_obtained":[{"floor":6.0,"key":"PreservedInsect"},{"floor":9.0,"key":"Blue Candle"},{"floor":11.0,"key":"Frozen Egg 2"},{"floor":26,"key":"Boot"},{"floor":30,"key":"Paper Crane"}],"event_choices":[{"cards_removed":["Defend_G"],"damage_healed":0.0,"max_hp_gain":0.0,"max_hp_loss":0.0,"gold_gain":0.0,"event_name":"Golden Wing","player_choice":"Card Removal","floor":13.0,"gold_loss":0.0,"damage_taken":7.0},{"damage_healed":0.0,"max_hp_gain":0.0,"max_hp_loss":0.0,"gold_gain":0.0,"event_name":"Shining Light","player_choice":"Ignored","floor":14.0,"gold_loss":0.0,"damage_taken":0.0},{"damage_healed":23,"gold_gain":0,"player_choice":"Heal","damage_taken":0,"max_hp_gain":0,"max_hp_loss":0,"event_name":"The Library","floor":28,"gold_loss":0},{"damage_healed":0,"gold_gain":0,"cards_transformed":["Bouncing Flask","Terror"],"player_choice":"Became Test Subject","damage_taken":0,"max_hp_gain":0,"max_hp_loss":0,"event_name":"Drug Dealer","floor":31,"gold_loss":0,"cards_obtained":["PiercingWail","Malaise"]}],"is_beta":false,"boss_relics":[{"not_picked":["Cursed Key","Sozu"],"picked":"Pandora\u0027s Box"}],"items_purged_floors":[3],"is_endless":false,"potions_floor_spawned":[2,6,8,11,18,24,25,29,30],"killed_by":"Champ","ascension_level":2}