{"gold_per_floor":[112,130,130,130,81,108,408,408,483,503,536,258,275,302,302,397,397,413,430,449,463,388,422,422,422],"floor_reached":25,"playtime":1562,"items_purged":["Defend_G"],"score":293,"play_id":"dd2bce20-0608-4966-b669-8c5023b6dfbd","local_time":"20220114123843","is_ascension_mode":true,"campfire_choices":[{"data":"PiercingWail","floor":8.0,"key":"SMITH"},{"floor":15.0,"key":"REST"},{"floor":24,"key":"REST"}],"neow_cost":"NONE","seed_source_timestamp":0,"circlet_count":0,"master_deck":["Strike_G","Strike_G","Strike_G+1","Strike_G","Strike_G","Defend_G","Defend_G","Defend_G","Survivor","Neutralize","Sucker Punch","Backflip+1","Burst","Prepared","PiercingWail+1","Deadly Poison","Deadly Poison","Underhanded Strike","Deflect","Footwork","Endless Agony+1","Deadly Poison+1","Prepared","Footwork"],"special_seed":0,"relics":["Ring of the Snake","NeowsBlessing","FossilizedHelix","Old Coin","Tiny Chest","TwistedFunnel","Anchor","SlaversCollar","Tingsha"],"potions_floor_usage":[23],"damage_taken":[{"damage":0.0,"enemies":"2 Louse","floor":1.0,"turns":1.0},{"damage":0.0,"enemies":"Jaw Worm","floor":2.0,"turns":1.0},{"damage":0.0,"enemies":"3 Sentries","floor":6.0,"turns":1.0},{"damage":0.0,"enemies":"Cultist","floor":10.0,"turns":5.0},{"damage":6.0,"enemies":"Lagavulin","floor":11.0,"turns":9.0},{"damage":0.0,"enemies":"Exordium Wildlife","floor":13.0,"turns":3.0},{"damage":20.0,"enemies":"3 Sentries","floor":14.0,"turns":9.0},{"damage":26.0,"enemies":"Hexaghost","floor":16.0,"turns":10.0},{"damage":0.0,"enemies":"3 Byrds","floor":18.0,"turns":6.0},{"damage":8.0,"enemies":"2 Thieves","floor":19.0,"turns":5.0},{"damage":11,"enemies":"Sentry and Sphere","floor":20,"turns":4},{"damage":12,"enemies":"Snake Plant","floor":21,"turns":5},{"damage":23,"enemies":"Slavers","floor":23,"turns":6},{"damage":48,"enemies":"Gremlin Leader","floor":25,"turns":9}],"seed_played":"1362484350164313087","potions_obtained":[{"floor":2.0,"key":"ColorlessPotion"},{"floor":11.0,"key":"Block Potion"},{"floor":14.0,"key":"SneckoOil"},{"floor":19.0,"key":"Energy Potion"},{"floor":23,"key":"DuplicationPotion"}],"is_trial":false,"path_per_floor":["M","M","?","?","$","E","T","R","T","M","E","$","M","E","R","B",null,"M","M","M","M","?","E","R","E"],"character_chosen":"THE_SILENT","items_purchased":["Prepared","TwistedFunnel","Underhanded Strike"],"campfire_rested":2,"item_purchase_floors":[5,12,12],"current_hp_per_floor":[70,70,56,56,56,56,56,56,56,56,50,50,50,30,51,25,70,70,62,51,39,39,16,37,0],"gold":422,"neow_bonus":"THREE_ENEMY_KILL","is_prod":false,"is_daily":false,"chose_seed":false,"campfire_upgraded":1,"win_rate":0,"timestamp":1642144123,"path_taken":["M","M","?","?","?","E","?","R","T","M","E","?","M","E","R","BOSS","M","M","M","M","?","E","R","E"],"build_version":"2020-12-22","purchased_purges":1,"victory":false,"max_hp_per_floor":[70,70,70,70,70,70,70,70,70,70,70,70,70,70,70,70,70,70,70,70,70,70,70,70,70],"card_choices":[{"not_picked":["Cloak And Dagger","Accuracy"],"picked":"Sucker Punch","floor":1.0},{"not_picked":["Quick Slash","PiercingWail"],"picked":"Backflip","floor":2.0},{"not_picked":["Night Terror","Escape Plan"],"picked":"PiercingWail","floor":6.0},{"not_picked":["Skewer","Blur"],"picked":"Deadly Poison","floor":10.0},{"not_picked":["Acrobatics","Eviscerate"],"picked":"Deadly Poison","floor":11.0},{"not_picked":["Footwork","Dodge and Roll"],"picked":"Deflect","floor":13.0},{"not_picked":["Finisher","Accuracy"],"picked":"Footwork","floor":14.0},{"not_picked":["Malaise","Storm of Steel"],"picked":"Wraith Form v2","floor":16.0},{"not_picked":["Dagger Spray","PiercingWail"],"picked":"Endless Agony+1","floor":18.0},{"not_picked":["Dagger Spray","Predator+1"],"picked":"Deadly Poison+1","floor":19.0},{"not_picked":["Underhanded Strike","Cloak And Dagger+1","Finisher"],"picked":"SKIP","floor":20},{"not_picked":["Dagger Spray","Flechettes"],"picked":"Prepared","floor":21},{"not_picked":["Slice","Masterful Stab+1"],"picked":"Footwork","floor":23}],"player_experience":114559,"relics_obtained":[{"floor":6.0,"key":"FossilizedHelix"},{"floor":7.0,"key":"Old Coin"},{"floor":11.0,"key":"Tiny Chest"},{"floor":14.0,"key":"Anchor"},{"floor":23,"key":"Tingsha"}],"event_choices":[{"damage_healed":0.0,"max_hp_gain":0.0,"max_hp_loss":0.0,"gold_gain":0.0,"event_name":"Shining Light","player_choice":"Entered Light","floor":3.0,"gold_loss":0.0,"damage_taken":14.0,"cards_upgraded":["Strike_G","Backflip"]},{"damage_healed":0.0,"max_hp_gain":0.0,"max_hp_loss":0.0,"gold_gain":0.0,"cards_transformed":["Defend_G"],"event_name":"Living Wall","player_choice":"Change","floor":4.0,"gold_loss":0.0,"damage_taken":0.0,"cards_obtained":["Burst"]},{"cards_removed":["Wraith Form v2"],"damage_healed":0,"gold_gain":0,"player_choice":"Gave Gold","damage_taken":0,"max_hp_gain":0,"max_hp_loss":0,"event_name":"Beggar","floor":22,"gold_loss":75}],"is_beta":false,"boss_relics":[{"not_picked":["Ectoplasm","Cursed Key"],"picked":"SlaversCollar"}],"items_purged_floors":[12],"is_endless":false,"potions_floor_spawned":[2,11,14,19,23],"killed_by":"Gremlin Leader","ascension_level":2}