{"gold_per_floor":[363,363,427,440,51,61,87,87,87,105,125,125,125,150,150,245,245,263,282,207,218,69,104,104,124,124,137,170,190,190,210,210,309,309,329,329,341,62,112,112,127,127,127,127,127,157,76,76,76,76],"floor_reached":51,"playtime":3180,"items_purged":["Strike_G","Strike_G","Night Terror"],"score":855,"play_id":"037e7222-2056-455b-ba95-f489ff4f5949","local_time":"20220131123116","is_ascension_mode":true,"campfire_choices":[{"data":"Blade Dance","floor":8.0,"key":"SMITH"},{"data":"Blade Dance","floor":12.0,"key":"SMITH"},{"data":"Dagger Spray","floor":15.0,"key":"SMITH"},{"data":"Cloak And Dagger","floor":30.0,"key":"SMITH"},{"floor":32.0,"key":"REST"},{"data":"Venomology","floor":40.0,"key":"SMITH"},{"floor":42.0,"key":"REST"},{"floor":44.0,"key":"REST"},{"data":"Eviscerate","floor":45.0,"key":"SMITH"},{"data":"Burst","floor":49,"key":"SMITH"}],"neow_cost":"PERCENT_DAMAGE","seed_source_timestamp":0,"circlet_count":0,"master_deck":["Survivor","Neutralize","Dagger Spray+1","Masterful Stab","Blade Dance+1","Blade Dance+1","Calculated Gamble","Quick Slash","Acrobatics","Dodge and Roll","Outmaneuver","Blade Dance+1","Cloak And Dagger+1","Backflip","Dodge and Roll+1","Deflect","Burst+1","Envenom+1","Venomology+1","Blade Dance","Malaise","Eviscerate+1","Heel Hook","Caltrops+1","Deflect+1","Adrenaline","Accuracy+1"],"special_seed":0,"relics":["Ring of the Snake","Torii","Kunai","Pear","Du-Vu Doll","Bottled Lightning","Philosopher\u0027s Stone","Frozen Egg 2","Potion Belt","Pen Nib","WingedGreaves","Pandora\u0027s Box","Regal Pillow","Unceasing Top","Mummified Hand"],"potions_floor_usage":[50,50,50,50],"damage_taken":[{"damage":0.0,"enemies":"2 Louse","floor":1.0,"turns":2.0},{"damage":2.0,"enemies":"Jaw Worm","floor":4.0,"turns":3.0},{"damage":0.0,"enemies":"Cultist","floor":6.0,"turns":3.0},{"damage":3.0,"enemies":"3 Sentries","floor":7.0,"turns":7.0},{"damage":0.0,"enemies":"Blue Slaver","floor":10.0,"turns":2.0},{"damage":0.0,"enemies":"Lots of Slimes","floor":11.0,"turns":2.0},{"damage":3.0,"enemies":"Lagavulin","floor":14.0,"turns":7.0},{"damage":8.0,"enemies":"Slime Boss","floor":16.0,"turns":9.0},{"damage":0.0,"enemies":"Spheric Guardian","floor":18.0,"turns":3.0},{"damage":8.0,"enemies":"2 Thieves","floor":19.0,"turns":4.0},{"damage":14.0,"enemies":"Centurion and Healer","floor":21.0,"turns":8.0},{"damage":1.0,"enemies":"Slavers","floor":23.0,"turns":5.0},{"damage":0.0,"enemies":"3 Cultists","floor":25.0,"turns":5.0},{"damage":9.0,"enemies":"Shelled Parasite and Fungi","floor":27.0,"turns":6.0},{"damage":23.0,"enemies":"Gremlin Leader","floor":28.0,"turns":8.0},{"damage":1.0,"enemies":"Centurion and Healer","floor":29.0,"turns":6.0},{"damage":1.0,"enemies":"Chosen and Byrds","floor":31.0,"turns":4.0},{"damage":23.0,"enemies":"Champ","floor":33.0,"turns":24.0},{"damage":67.0,"enemies":"3 Shapes","floor":35.0,"turns":8.0},{"damage":1.0,"enemies":"Orb Walker","floor":37.0,"turns":4.0},{"damage":3.0,"enemies":"Mind Bloom Boss Battle","floor":39.0,"turns":7.0},{"damage":0.0,"enemies":"Transient","floor":41.0,"turns":5.0},{"damage":10.0,"enemies":"Giant Head","floor":46.0,"turns":7.0},{"damage":50,"enemies":"Time Eater","floor":50,"turns":10}],"seed_played":"8123403460020627186","potions_obtained":[{"floor":6.0,"key":"EntropicBrew"},{"floor":7.0,"key":"Energy Potion"},{"floor":10.0,"key":"Weak Potion"},{"floor":19.0,"key":"Energy Potion"},{"floor":25.0,"key":"EssenceOfSteel"},{"floor":31.0,"key":"BlessingOfTheForge"},{"floor":33.0,"key":"Dexterity Potion"},{"floor":39.0,"key":"Explosive Potion"},{"floor":46.0,"key":"Fire Potion"}],"is_trial":false,"path_per_floor":["M","?","?","M","$","M","E","R","T","M","M","R","?","E","R","B",null,"M","M","?","M","$","E","?","M","T","M","E","M","R","M","R","B",null,"M","?","M","$","?","R","M","R","T","R","R","E","$","$","R","B",null],"character_chosen":"THE_SILENT","items_purchased":["Torii","Cloak And Dagger","Regal Pillow","Accuracy+1"],"campfire_rested":3,"item_purchase_floors":[5,22,38,47],"current_hp_per_floor":[49,49,49,47,47,47,44,44,54,54,54,54,47,44,44,36,80,80,72,72,58,58,57,57,57,57,48,25,24,24,23,47,24,80,13,13,17,17,14,14,14,53,53,80,80,70,70,70,70,20],"gold":76,"neow_bonus":"TWO_FIFTY_GOLD","is_prod":false,"is_daily":false,"chose_seed":false,"campfire_upgraded":7,"win_rate":0,"timestamp":1643612476,"path_taken":["M","?","?","M","$","M","E","R","T","M","M","R","?","E","R","BOSS","M","M","?","M","$","E","?","M","T","M","E","M","R","?","R","BOSS","M","?","M","$","?","R","M","R","T","R","R","E","$","?","R","BOSS"],"build_version":"2020-12-22","purchased_purges":3,"victory":true,"max_hp_per_floor":[70,70,70,70,70,70,70,70,80,80,80,80,80,80,80,80,80,80,80,80,80,80,80,80,80,80,80,80,80,80,80,80,80,80,80,80,80,80,80,80,80,80,80,80,80,80,80,80,80,80],"card_choices":[{"not_picked":["PiercingWail","Poisoned Stab"],"picked":"Dagger Spray","floor":1.0},{"not_picked":["Endless Agony","PiercingWail"],"picked":"Blade Dance","floor":4.0},{"not_picked":["Underhanded Strike","Reflex"],"picked":"Blade Dance","floor":6.0},{"not_picked":["Expertise","Crippling Poison"],"picked":"Calculated Gamble","floor":7.0},{"not_picked":["Bouncing Flask","Flying Knee"],"picked":"Quick Slash","floor":10.0},{"not_picked":["Bane","Noxious Fumes"],"picked":"Acrobatics","floor":11.0},{"not_picked":["Flying Knee","Bane","Setup"],"picked":"SKIP","floor":14.0},{"not_picked":["Die Die Die","Bullet Time"],"picked":"Night Terror","floor":16.0},{"not_picked":["Underhanded Strike","Dagger Throw"],"picked":"Dodge and Roll","floor":18.0},{"not_picked":["Dagger Spray","Masterful Stab"],"picked":"Outmaneuver","floor":19.0},{"not_picked":["Noxious Fumes","Prepared"],"picked":"Blade Dance+1","floor":21.0},{"not_picked":["Masterful Stab+1","Cloak And Dagger"],"picked":"Backflip","floor":23.0},{"not_picked":["Flying Knee+1","Blade Dance"],"picked":"Dodge and Roll+1","floor":25.0},{"not_picked":["All Out Attack","Grand Finale","Predator"],"picked":"SKIP","floor":27.0},{"not_picked":["Acrobatics+1","Riddle With Holes","Catalyst"],"picked":"SKIP","floor":28.0},{"not_picked":["Cloak And Dagger","Sucker Punch"],"picked":"Deflect","floor":29.0},{"not_picked":["Deadly Poison","Backstab"],"picked":"Burst","floor":31.0},{"not_picked":["Corpse Explosion","Burst"],"picked":"Envenom+1","floor":33.0},{"not_picked":["Setup+1","Backstab","Masterful Stab"],"picked":"SKIP","floor":35.0},{"not_picked":["Flying Knee+1","Acrobatics","Sucker Punch+1"],"picked":"SKIP","floor":37.0},{"not_picked":["Outmaneuver","Prepared+1"],"picked":"Deflect+1","floor":39.0},{"not_picked":["Bane+1","Calculated Gamble","Heel Hook+1"],"picked":"SKIP","floor":41.0},{"not_picked":["Dodge and Roll+1","Expertise+1"],"picked":"Adrenaline","floor":46.0}],"player_experience":162738,"relics_obtained":[{"floor":7.0,"key":"Kunai"},{"floor":9.0,"key":"Pear"},{"floor":14.0,"key":"Bottled Lightning"},{"floor":23.0,"key":"Frozen Egg 2"},{"floor":26.0,"key":"Pen Nib"},{"floor":28.0,"key":"WingedGreaves"},{"floor":39.0,"key":"Unceasing Top"},{"floor":46.0,"key":"Mummified Hand"}],"event_choices":[{"damage_healed":0.0,"max_hp_gain":0.0,"max_hp_loss":0.0,"gold_gain":0.0,"cards_transformed":["Defend_G"],"event_name":"Living Wall","player_choice":"Change","floor":2.0,"gold_loss":0.0,"damage_taken":0.0,"cards_obtained":["Masterful Stab"]},{"damage_healed":0.0,"max_hp_gain":0.0,"max_hp_loss":0.0,"gold_gain":64.0,"event_name":"Golden Wing","player_choice":"Gained Gold","floor":3.0,"gold_loss":0.0,"damage_taken":0.0},{"damage_healed":0.0,"max_hp_gain":0.0,"max_hp_loss":0.0,"gold_gain":0.0,"event_name":"Scrap Ooze","player_choice":"Success","floor":13.0,"gold_loss":0.0,"damage_taken":7.0,"relics_obtained":["Du-Vu Doll"]},{"cards_removed":["Strike_G"],"damage_healed":0.0,"max_hp_gain":0.0,"max_hp_loss":0.0,"gold_gain":0.0,"event_name":"Beggar","player_choice":"Gave Gold","floor":20.0,"gold_loss":75.0,"damage_taken":0.0},{"damage_healed":0.0,"max_hp_gain":0.0,"max_hp_loss":0.0,"gold_gain":0.0,"event_name":"WeMeetAgain","player_choice":"Gave Potion","floor":24.0,"gold_loss":0.0,"damage_taken":0.0,"relics_obtained":["Potion Belt"]},{"damage_healed":0.0,"max_hp_gain":0.0,"max_hp_loss":0.0,"gold_gain":0.0,"event_name":"SensoryStone","player_choice":"Memory 1","floor":36.0,"gold_loss":0.0,"damage_taken":0.0},{"damage_healed":0.0,"max_hp_gain":0.0,"max_hp_loss":0.0,"gold_gain":0.0,"event_name":"MindBloom","player_choice":"Fight","floor":39.0,"gold_loss":0.0,"damage_taken":0.0}],"is_beta":false,"boss_relics":[{"not_picked":["Sozu","Coffee Dripper"],"picked":"Philosopher\u0027s Stone"},{"not_picked":["Runic Dome","SlaversCollar"],"picked":"Pandora\u0027s Box"}],"items_purged_floors":[5,22,38],"is_endless":false,"potions_floor_spawned":[6,7,10,19,21,25,31,33,39,46],"ascension_level":3}